% This file was created with Citavi 7.0.4.0

@article{Aaij.2015,
 abstract = {Observations of exotic structures in the J/\textgreek{y}p channel, which we refer to as charmonium-pentaquark states, in \textgreek{L}{\_}{b}{\^{}}{0}$\rightarrow$J/\textgreek{y}K{\^{}}{-}p decays are presented. The data sample corresponds to an integrated luminosity of 3 fb{\^{}}{-1} acquired with the LHCb detector from 7 and 8 TeV pp collisions. An amplitude analysis of the three-body final state reproduces the two-body mass and angular distributions. To obtain a satisfactory fit of the structures seen in the J/\textgreek{y}p mass spectrum, it is necessary to include two Breit-Wigner amplitudes that each describe a resonant state. The significance of each of these resonances is more than 9 standard deviations. One has a mass of 4380$\pm$8$\pm$29 MeV and a width of 205$\pm$18$\pm$86 MeV, while the second is narrower, with a mass of 4449.8$\pm$1.7$\pm$2.5 MeV and a width of 39$\pm$5$\pm$19 MeV. The preferred J{\^{}}{P} assignments are of opposite parity, with one state having spin 3/2 and the other 5/2.},
 author = {Aaij, R. undAdeva, B. undAdinolfi, M. undAffolder, A. undAjaltouni, Z. undAkar, S. undAlbrecht, J. undAlessio, F. undAlexander, M. undAli, S. undAlkhazov, G. und{Alvarez Cartelle}, P. undAlves, A. A. undAmato, S. undAmerio, S. undAmhis, Y. undAn, L. undAnderlini, L. undAnderson, J. undAndreassi, G. undAndreotti, M. undAndrews, J. E. undAppleby, R. B. und{Aquines Gutierrez}, O. undArchilli, F. undd'Argent, P. undArtamonov, A. undArtuso, M. undAslanides, E. undAuriemma, G. undBaalouch, M. undBachmann, S. undBack, J. J. undBadalov, A. undBaesso, C. undBaldini, W. undBarlow, R. J. undBarschel, C. undBarsuk, S. undBarter, W. undBatozskaya, V. undBattista, V. undBay, A. undBeaucourt, L. undBeddow, J. undBedeschi, F. undBediaga, I. undBel, L. J. undBellee, V. undBelloli, N. undBelyaev, I. undBen-Haim, E. undBencivenni, G. undBenson, S. undBenton, J. undBerezhnoy, A. undBernet, R. undBertolin, A. undBettler, M-O und{van Beuzekom}, M. undBien, A. undBifani, S. undBilloir, P. undBird, T. undBirnkraut, A. undBizzeti, A. undBlake, T. undBlanc, F. undBlouw, J. undBlusk, S. undBocci, V. undBondar, A. undBondar, N. undBonivento, W. undBorghi, S. undBorsato, M. undBowcock, T. J. V. undBowen, E. undBozzi, C. undBraun, S. undBritsch, M. undBritton, T. undBrodzicka, J. undBrook, N. H. undBursche, A. undBuytaert, J. undCadeddu, S. undCalabrese, R. undCalvi, M. und{Calvo Gomez}, M. undCampana, P. und{Campora Perez}, D. undCapriotti, L. undCarbone, A. undCarboni, G. undCardinale, R. undCardini, A. undCarniti, P. undCarson, L. und{Carvalho Akiba}, K. undCasse, G. undCassina, L. und{Castillo Garcia}, L. undCattaneo, M. undCauet, Ch undCavallero, G. undCenci, R. undCharles, M. undCharpentier, Ph undChefdeville, M. undChen, S. undCheung, S-F undChiapolini, N. undChrzaszcz, M. und{Cid Vidal}, X. undCiezarek, G. undClarke, P. E. L. undClemencic, M. undCliff, H. V. undClosier, J. undCoco, V. undCogan, J. undCogneras, E. undCogoni, V. undCojocariu, L. undCollazuol, G. undCollins, P. undComerma-Montells, A. undContu, A. undCook, A. undCoombes, M. undCoquereau, S. undCorti, G. undCorvo, M. undCouturier, B. undCowan, G. A. undCraik, D. C. undCrocombe, A. und{Cruz Torres}, M. undCunliffe, S. undCurrie, R. undD'Ambrosio, C. undDall'Occo, E. undDalseno, J. undDavid, P. N. Y. undDavis, A. undde Bruyn, K. undde Capua, S. undde Cian, M. undde Miranda, J. M. undde Paula, L. undde Simone, P. undDean, C-T undDecamp, D. undDeckenhoff, M. und{Del Buono}, L. undD{\'e}l{\'e}age, N. undDemmer, M. undDerkach, D. undDeschamps, O. undDettori, F. undDey, B. und{Di Canto}, A. und{Di Ruscio}, F. undDijkstra, H. undDonleavy, S. undDordei, F. undDorigo, M. und{Dosil Su{\'a}rez}, A. undDossett, D. undDovbnya, A. undDreimanis, K. undDufour, L. undDujany, G. undDupertuis, F. undDurante, P. undDzhelyadin, R. undDziurda, A. undDzyuba, A. undEaso, S. undEgede, U. undEgorychev, V. undEidelman, S. undEisenhardt, S. undEitschberger, U. undEkelhof, R. undEklund, L. und{El Rifai}, I. undElsasser, Ch undEly, S. undEsen, S. undEvans, H. M. undEvans, T. undFalabella, A. undF{\"a}rber, C. undFarley, N. undFarry, S. undFay, R. undFerguson, D. und{Fernandez Albor}, V. undFerrari, F. und{Ferreira Rodrigues}, F. undFerro-Luzzi, M. undFilippov, S. undFiore, M. undFiorini, M. undFirlej, M. undFitzpatrick, C. undFiutowski, T. undFohl, K. undFol, P. undFontana, M. undFontanelli, F. undForty, R. undFrancisco, O. undFrank, M. undFrei, C. undFrosini, M. undFu, J. undFurfaro, E. und{Gallas Torreira}, A. undGalli, D. undGallorini, S. undGambetta, S. undGandelman, M. undGandini, P. undGao, Y. und{Garc{\'i}a Pardi{\~n}as}, J. und{Garra Tico}, J. undGarrido, L. undGascon, D. undGaspar, C. undGauld, R. undGavardi, L. undGazzoni, G. undGeraci, A. undGerick, D. undGersabeck, E. undGersabeck, M. undGershon, T. undGhez, Ph undGianelle, A. undGian{\`i}, S. undGibson, V. undGirard, O. G. undGiubega, L. undGligorov, V. V. undG{\"o}bel, C. undGolubkov, D. undGolutvin, A. undGomes, A. undGotti, C. und{Grabalosa G{\'a}ndara}, M. und{Graciani Diaz}, R. und{Granado Cardoso}, L. A. undGraug{\'e}s, E. undGraverini, E. undGraziani, G. undGrecu, A. undGreening, E. undGregson, S. undGriffith, P. undGrillo, L. undGr{\"u}nberg, O. undGui, B. undGushchin, E. undGuz, Yu undGys, T. undHadavizadeh, T. undHadjivasiliou, C. undHaefeli, G. undHaen, C. undHaines, S. C. undHall, S. undHamilton, B. undHan, X. undHansmann-Menzemer, S. undHarnew, N. undHarnew, S. T. undHarrison, J. undHe, J. undHead, T. undHeijne, V. undHennessy, K. undHenrard, P. undHenry, L. und{Hernando Morata}, J. A. und{van Herwijnen}, E. undHe{\ss}, M. undHicheur, A. undHill, D. undHoballah, M. undHombach, C. undHulsbergen, W. undHumair, T. undHussain, N. undHutchcroft, D. undHynds, D. undIdzik, M. undIlten, P. undJacobsson, R. undJaeger, A. undJalocha, J. undJans, E. undJawahery, A. undJing, F. undJohn, M. undJohnson, D. undJones, C. R. undJoram, C. undJost, B. undJurik, N. undKandybei, S. undKanso, W. undKaracson, M. undKarbach, T. M. undKarodia, S. undKecke, M. undKelsey, M. undKenyon, I. R. undKenzie, M. undKetel, T. undKhanji, B. undKhurewathanakul, C. undKlaver, S. undKlimaszewski, K. undKochebina, O. undKolpin, M. undKomarov, I. undKoopman, R. F. undKoppenburg, P. undKozeiha, M. undKravchuk, L. undKreplin, K. undKreps, M. undKrocker, G. undKrokovny, P. undKruse, F. undKrzemien, W. undKucewicz, W. undKucharczyk, M. undKudryavtsev, V. undKuonen, A. K. undKurek, K. undKvaratskheliya, T. undLacarrere, D. undLafferty, G. undLai, A. undLambert, D. undLanfranchi, G. undLangenbruch, C. undLanghans, B. undLatham, T. undLazzeroni, C. und{Le Gac}, R. und{van Leerdam}, J. undLees, J-P undLef{\`e}vre, R. undLeflat, A. undLefran{\c{c}}ois, J. undLeroy, O. undLesiak, T. undLeverington, B. undLi, Y. undLikhomanenko, T. undLiles, M. undLindner, R. undLinn, C. undLionetto, F. undLiu, B. undLiu, X. undLoh, D. undLongstaff, I. undLopes, J. H. undLucchesi, D. und{Lucio Martinez}, M. undLuo, H. undLupato, A. undLuppi, E. undLupton, O. undLusardi, N. undLusiani, A. undMachefert, F. undMaciuc, F. undMaev, O. undMaguire, K. undMalde, S. undMalinin, A. undManca, G. undMancinelli, G. undManning, P. undMapelli, A. undMaratas, J. undMarchand, J. F. undMarconi, U. und{Marin Benito}, C. undMarino, P. undMarks, J. undMartellotti, G. undMartin, M. undMartinelli, M. und{Martinez Santos}, D. und{Martinez Vidal}, F. und{Martins Tostes}, D. undMassafferri, A. undMatev, R. undMathad, A. undMathe, Z. undMatteuzzi, C. undMauri, A. undMaurin, B. undMazurov, A. undMcCann, M. undMcCarthy, J. undMcNab, A. undMcNulty, R. undMeadows, B. undMeier, F. undMeissner, M. undMelnychuk, D. undMerk, M. undMilanes, D. A. undMinard, M-N undMitzel, D. S. und{Molina Rodriguez}, J. undMonroy, I. A. undMonteil, S. undMorandin, M. undMorawski, P. undMord{\`a}, A. undMorello, M. J. undMoron, J. undMorris, A. B. undMountain, R. undMuheim, F. undM{\"u}ller, J. undM{\"u}ller, K. undM{\"u}ller, V. undMussini, M. undMuster, B. undNaik, P. undNakada, T. undNandakumar, R. undNandi, A. undNasteva, I. undNeedham, M. undNeri, N. undNeubert, S. undNeufeld, N. undNeuner, M. undNguyen, A. D. undNguyen, T. D. undNguyen-Mau, C. undNiess, V. undNiet, R. undNikitin, N. undNikodem, T. undNinci, D. undNovoselov, A. undO'Hanlon, D. P. undOblakowska-Mucha, A. undObraztsov, V. undOgilvy, S. undOkhrimenko, O. undOldeman, R. undOnderwater, C. J. G. und{Osorio Rodrigues}, B. und{Otalora Goicochea}, J. M. undOtto, A. undOwen, P. undOyanguren, A. undPalano, A. undPalombo, F. undPalutan, M. undPanman, J. undPapanestis, A. undPappagallo, M. undPappalardo, L. L. undPappenheimer, C. undParkes, C. undPassaleva, G. undPatel, G. D. undPatel, M. undPatrignani, C. undPearce, A. undPellegrino, A. undPenso, G. und{Pepe Altarelli}, M. undPerazzini, S. undPerret, P. undPescatore, L. undPetridis, K. undPetrolini, A. undPetruzzo, M. und{Picatoste Olloqui}, E. undPietrzyk, B. undPila{\v{r}}, T. undPinci, D. undPistone, A. undPiucci, A. undPlayfer, S. und{Plo Casasus}, M. undPoikela, T. undPolci, F. undPoluektov, A. undPolyakov, I. undPolycarpo, E. undPopov, A. undPopov, D. undPopovici, B. undPotterat, C. undPrice, E. undPrice, J. D. undPrisciandaro, J. undPritchard, A. undProuve, C. undPugatch, V. und{Puig Navarro}, A. undPunzi, G. undQian, W. undQuagliani, R. undRachwal, B. undRademacker, J. H. undRama, M. undRangel, M. S. undRaniuk, I. undRauschmayr, N. undRaven, G. undRedi, F. undReichert, S. undReid, M. M. und{Dos Reis}, A. C. undRicciardi, S. undRichards, S. undRihl, M. undRinnert, K. und{Rives Molina}, V. undRobbe, P. undRodrigues, A. B. undRodrigues, E. und{Rodriguez Lopez}, J. A. und{Rodriguez Perez}, P. undRoiser, S. undRomanovsky, V. und{Romero Vidal}, A. undRonayne, J. W. undRotondo, M. undRouvinet, J. undRuf, T. und{Ruiz Valls}, P. und{Saborido Silva}, J. J. undSagidova, N. undSail, P. undSaitta, B. und{Salustino Guimaraes}, V. und{Sanchez Mayordomo}, C. und{Sanmartin Sedes}, B. undSantacesaria, R. und{Santamarina Rios}, C. undSantimaria, M. undSantovetti, E. undSarti, A. undSatriano, C. undSatta, A. undSaunders, D. M. undSavrina, D. undSchiller, M. undSchindler, H. undSchlupp, M. undSchmelling, M. undSchmelzer, T. undSchmidt, B. undSchneider, O. undSchopper, A. undSchubiger, M. undSchune, M-H undSchwemmer, R. undSciascia, B. undSciubba, A. undSemennikov, A. undSerra, N. undSerrano, J. undSestini, L. undSeyfert, P. undShapkin, M. undShapoval, I. undShcheglov, Y. undShears, T. undShekhtman, L. undShevchenko, V. undShires, A. undSiddi, B. G. und{Silva Coutinho}, R. undSimi, G. undSirendi, M. undSkidmore, N. undSkillicorn, I. undSkwarnicki, T. undSmith, E. undSmith, I. T. undSmith, J. undSmith, M. undSnoek, H. undSokoloff, M. D. undSoler, F. J. P. undSoomro, F. undSouza, D. und{Souza De Paula}, B. undSpaan, B. undSpradlin, P. undSridharan, S. undStagni, F. undStahl, M. undStahl, S. undStefkova, S. undSteinkamp, O. undStenyakin, O. undStevenson, S. undStoica, S. undStone, S. undStoraci, B. undStracka, S. undStraticiuc, M. undStraumann, U. undSun, L. undSutcliffe, W. undSwientek, K. undSwientek, S. undSyropoulos, V. undSzczekowski, M. undSzczypka, P. undSzumlak, T. undT'Jampens, S. undTayduganov, A. undTekampe, T. undTeklishyn, M. undTellarini, G. undTeubert, F. undThomas, C. undThomas, E. und{van Tilburg}, J. undTisserand, V. undTobin, M. undTodd, J. undTolk, S. undTomassetti, L. undTonelli, D. undTopp-Joergensen, S. undTorr, N. undTournefier, E. undTourneur, S. undTrabelsi, K. undTran, M. T. undTresch, M. undTrisovic, A. undTsaregorodtsev, A. undTsopelas, P. undTuning, N. undUkleja, A. undUstyuzhanin, A. undUwer, U. undVacca, C. undVagnoni, V. undValenti, G. undVallier, A. und{Vazquez Gomez}, R. und{Vazquez Regueiro}, P. und{V{\'a}zquez Sierra}, C. undVecchi, S. undVelthuis, J. J. undVeltri, M. undVeneziano, G. undVesterinen, M. undViaud, B. undVieira, D. und{Vieites Diaz}, M. undVilasis-Cardona, X. undVollhardt, A. undVolyanskyy, D. undVoong, D. undVorobyev, A. undVorobyev, V. undVo{\ss}, C. undde Vries, J. A. undWaldi, R. undWallace, C. undWallace, R. undWalsh, J. undWandernoth, S. undWang, J. undWard, D. R. undWatson, N. K. undWebsdale, D. undWeiden, A. undWhitehead, M. undWilkinson, G. undWilkinson, M. undWilliams, M. undWilliams, M. P. undWilliams, T. undWilson, F. F. undWimberley, J. undWishahi, J. undWislicki, W. undWitek, M. undWormser, G. undWotton, S. A. undWright, S. undWyllie, K. undXie, Y. undXu, Z. undYang, Z. undYu, J. undYuan, X. undYushchenko, O. undZangoli, M. undZavertyaev, M. undZhang, L. undZhang, Y. undZhelezov, A. undZhokhov, A. undZhong, L. undZucchelli, S.},
 year = {2015},
 title = {Observation of J/\textgreek{y}p Resonances Consistent with Pentaquark States in \textgreek{L}{\_}{b}{\^{}}{0}$\rightarrow$J/\textgreek{y}K{\^{}}{-}p Decays},
 pages = {072001},
 pagination = {page},
 volume = {115},
 number = {7},
 journal = {Physical review letters},
 doi = {10.1103/PhysRevLett.115.072001},
 file = {Observation of Jp Resonances Consistent with Pentaquark:Attachments/Observation of Jp Resonances Consistent with Pentaquark.pdf:application/pdf}
}


@article{Aaij.2019,
 abstract = {A narrow pentaquark state, P{\_}{c}(4312){\^{}}{+}, decaying to J/\textgreek{y}p, is discovered with a statistical significance of 7.3\textgreek{s} in a data sample of \textgreek{L}{\_}{b}{\^{}}{0}$\rightarrow$J/\textgreek{y}pK{\^{}}{-} decays, which is an order of magnitude larger than that previously analyzed by the LHCb Collaboration. The P{\_}{c}(4450){\^{}}{+} pentaquark structure formerly reported by LHCb is confirmed and observed to consist of two narrow overlapping peaks, P{\_}{c}(4440){\^{}}{+} and P{\_}{c}(4457){\^{}}{+}, where the statistical significance of this two-peak interpretation is 5.4\textgreek{s}. The proximity of the \textgreek{S}{\_}{c}{\^{}}{+}D[over ¯]{\^{}}{0} and \textgreek{S}{\_}{c}{\^{}}{+}D[over ¯]{\^{}}{*0} thresholds to the observed narrow peaks suggests that they play an important role in the dynamics of these states.},
 author = {Aaij, R. und{Abell{\'a}n Beteta}, C. undAdeva, B. undAdinolfi, M. undAidala, C. A. undAjaltouni, Z. undAkar, S. undAlbicocco, P. undAlbrecht, J. undAlessio, F. undAlexander, M. und{Alfonso Albero}, A. undAlkhazov, G. und{Alvarez Cartelle}, P. undAlves, A. A. undAmato, S. undAmhis, Y. undAn, L. undAnderlini, L. undAndreassi, G. undAndreotti, M. undAndrews, J. E. undArchilli, F. undd'Argent, P. und{Arnau Romeu}, J. undArtamonov, A. undArtuso, M. undArzymatov, K. undAslanides, E. undAtzeni, M. undAudurier, B. undBachmann, S. undBack, J. J. undBaker, S. undBalagura, V. undBaldini, W. undBaranov, A. undBarlow, R. J. undBarsuk, S. undBarter, W. undBartolini, M. undBaryshnikov, F. undBatozskaya, V. undBatsukh, B. undBattig, A. undBattista, V. undBay, A. undBedeschi, F. undBediaga, I. undBeiter, A. undBel, L. J. undBelavin, V. undBelin, S. undBeliy, N. undBellee, V. undBelloli, N. undBelous, K. undBelyaev, I. undBen-Haim, E. undBencivenni, G. undBenson, S. undBeranek, S. undBerezhnoy, A. undBernet, R. undBerninghoff, D. undBertholet, E. undBertolin, A. undBetancourt, C. undBetti, F. undBettler, M. O. und{van Beuzekom}, M. undBezshyiko, Ia undBhasin, S. undBhom, J. undBieker, M. S. undBifani, S. undBilloir, P. undBirnkraut, A. undBizzeti, A. undBj{\o}rn, M. undBlago, M. P. undBlake, T. undBlanc, F. undBlusk, S. undBobulska, D. undBocci, V. und{Boente Garcia}, O. undBoettcher, T. undBondar, A. undBondar, N. undBorghi, S. undBorisyak, M. undBorsato, M. undBoubdir, M. undBowcock, T. J. V. undBozzi, C. undBraun, S. und{Brea Rodriguez}, A. undBrodski, M. undBrodzicka, J. und{Brossa Gonzalo}, A. undBrundu, D. undBuchanan, E. undBuonaura, A. undBurr, C. undBursche, A. undButter, J. S. undBuytaert, J. undByczynski, W. undCadeddu, S. undCai, H. undCalabrese, R. undCali, S. undCalladine, R. undCalvi, M. und{Calvo Gomez}, M. undCamboni, A. undCampana, P. und{Campora Perez}, D. H. undCapriotti, L. undCarbone, A. undCarboni, G. undCardinale, R. undCardini, A. undCarniti, P. und{Carvalho Akiba}, K. und{Casais Vidal}, A. undCasse, G. undCattaneo, M. undCavallero, G. undCenci, R. undChapman, M. G. undCharles, M. undCharpentier, Ph undChatzikonstantinidis, G. undChefdeville, M. undChekalina, V. undChen, C. undChen, S. undChitic, S-G undChobanova, V. undChrzaszcz, M. undChubykin, A. undCiambrone, P. und{Cid Vidal}, X. undCiezarek, G. undCindolo, F. undClarke, P. E. L. undClemencic, M. undCliff, H. V. undClosier, J. undCoco, V. undCoelho, J. A. B. undCogan, J. undCogneras, E. undCojocariu, L. undCollins, P. undColombo, T. undComerma-Montells, A. undContu, A. undCoombs, G. undCoquereau, S. undCorti, G. und{Costa Sobral}, C. M. undCouturier, B. undCowan, G. A. undCraik, D. C. undCrocombe, A. und{Cruz Torres}, M. undCurrie, R. undD'Ambrosio, C. und{Da Silva}, C. L. undDall'Occo, E. undDalseno, J. undDanilina, A. undDavis, A. undde {Aguiar Francisco}, O. undde Bruyn, K. undde Capua, S. undde Cian, M. undde Miranda, J. M. undde Paula, L. undde Serio, M. undde Simone, P. undDean, C. T. undDean, W. undDecamp, D. und{Del Buono}, L. undDelaney, B. undDembinski, H-P undDemmer, M. undDendek, A. undDerkach, D. undDeschamps, O. undDesse, F. undDettori, F. undDey, B. und{Di Canto}, A. und{Di Nezza}, P. undDidenko, S. undDijkstra, H. undDordei, F. undDorigo, M. und{Dosil Su{\'a}rez}, A. undDouglas, L. undDovbnya, A. undDreimanis, K. undDufour, L. undDujany, G. undDurante, P. undDurham, J. M. undDutta, D. undDzhelyadin, R. undDziewiecki, M. undDziurda, A. undDzyuba, A. undEaso, S. undEgede, U. undEgorychev, V. undEidelman, S. undEisenhardt, S. undEitschberger, U. undEk-In, S. undEkelhof, R. undEklund, L. undEly, S. undEne, A. undEscher, S. undEsen, S. undEvans, T. undFalabella, A. undFarley, N. undFarry, S. undFazzini, D. und{Fernandez Declara}, P. und{Fernandez Prieto}, A. undFern{\'a}ndez-Ram{\'i}rez, C. undFerrari, F. und{Ferreira Lopes}, L. und{Ferreira Rodrigues}, F. und{Ferreres Sole}, S. undFerro-Luzzi, M. undFilippov, S. undFini, R. A. undFiorini, M. undFirlej, M. undFitzpatrick, C. undFiutowski, T. undFleuret, F. undFontana, M. undFontanelli, F. undForty, R. und{Franco Lima}, V. und{Franco Sevilla}, M. undFrank, M. undFrei, C. undFu, J. undFunk, W. undF{\"a}rber, C. undF{\'e}o, M. undGabriel, E. und{Gallas Torreira}, A. undGalli, D. undGallorini, S. undGambetta, S. undGan, Y. undGandelman, M. undGandini, P. undGao, Y. und{Garcia Martin}, L. M. und{Garcia Plana}, B. und{Garc{\'i}a Pardi{\~n}as}, J. und{Garra Tico}, J. undGarrido, L. undGascon, D. undGaspar, C. undGazzoni, G. undGerick, D. undGersabeck, E. undGersabeck, M. undGershon, T. undGerstel, D. undGhez, Ph undGibson, V. undGirard, O. G. und{Gironella Gironell}, P. undGiubega, L. undGizdov, K. undGligorov, V. V. undGolubkov, D. undGolutvin, A. undGomes, A. undGorelov, I. V. undGotti, C. undGovorkova, E. undGrabowski, J. P. und{Graciani Diaz}, R. und{Granado Cardoso}, L. A. undGraug{\'e}s, E. undGraverini, E. undGraziani, G. undGrecu, A. undGreim, R. undGriffith, P. undGrillo, L. undGruber, L. und{Gruberg Cazon}, B. R. undGu, C. undGuo, X. undGushchin, E. undGuth, A. undGuz, Yu undGys, T. undG{\"o}bel, C. undHadavizadeh, T. undHadjivasiliou, C. undHaefeli, G. undHaen, C. undHaines, S. C. undHamilton, B. undHan, Q. undHan, X. undHancock, T. H. undHansmann-Menzemer, S. undHarnew, N. undHarrison, T. undHasse, C. undHatch, M. undHe, J. undHecker, M. undHeinicke, K. undHeister, A. undHennessy, K. undHenry, L. und{van Herwijnen}, E. undHeuel, J. undHe{\ss}, M. undHicheur, A. und{Hidalgo Charman}, R. undHill, D. undHilton, M. undHopchev, P. H. undHu, J. undHu, W. undHuang, W. undHuard, Z. C. undHulsbergen, W. undHumair, T. undHushchyn, M. undHutchcroft, D. undHynds, D. undIbis, P. undIdzik, M. undIlten, P. undInglessi, A. undInyakin, A. undIvshin, K. undJacobsson, R. undJakobsen, S. undJalocha, J. undJans, E. undJashal, B. K. undJawahery, A. undJiang, F. undJohn, M. undJohnson, D. undJones, C. R. undJoram, C. undJost, B. undJurik, N. undKandybei, S. undKaracson, M. undKariuki, J. M. undKarodia, S. undKazeev, N. undKecke, M. undKeizer, F. undKelsey, M. undKenzie, M. undKetel, T. undKhanji, B. undKharisova, A. undKhurewathanakul, C. undKim, K. E. undKirn, T. undKirsebom, V. S. undKlaver, S. undKlimaszewski, K. undKoliiev, S. undKolpin, M. undKondybayeva, A. undKonoplyannikov, A. undKopecna, R. undKoppenburg, P. undKostiuk, I. undKot, O. undKotriakhova, S. undKozeiha, M. undKravchuk, L. undKreps, M. undKress, F. undKretzschmar, S. undKrokovny, P. undKrupa, W. undKrzemien, W. undKucewicz, W. undKucharczyk, M. undKudryavtsev, V. undKunde, G. J. undKuonen, A. K. undKvaratskheliya, T. undLacarrere, D. undLafferty, G. undLai, A. undLancierini, D. undLanfranchi, G. undLangenbruch, C. undLatham, T. undLazzeroni, C. und{Le Gac}, R. undLeflat, A. undLef{\`e}vre, R. undLemaitre, F. undLeroy, O. undLesiak, T. undLeverington, B. undLi, H. undLi, P-R undLi, X. undLi, Y. undLi, Z. undLiang, X. undLikhomanenko, T. undLindner, R. undLing, P. undLionetto, F. undLisovskyi, V. undLiu, G. undLiu, X. undLoh, D. undLoi, A. und{Lomba Castro}, J. undLongstaff, I. undLopes, J. H. undLoustau, G. undLovell, G. H. undLucchesi, D. und{Lucio Martinez}, M. undLuo, Y. undLupato, A. undLuppi, E. undLupton, O. undLusiani, A. undLyu, X. undMa, R. undMachefert, F. undMaciuc, F. undMacko, V. undMackowiak, P. undMaddrell-Mander, S. undMaev, O. undMaguire, K. undMaisuzenko, D. undMajewski, M. W. undMalde, S. undMalecki, B. undMalinin, A. undMaltsev, T. undMalygina, H. undManca, G. undMancinelli, G. undMarangotto, D. undMaratas, J. undMarchand, J. F. undMarconi, U. und{Marin Benito}, C. undMarinangeli, M. undMarino, P. undMarks, J. undMarshall, P. J. undMartellotti, G. undMartinazzoli, L. undMartinelli, M. und{Martinez Santos}, D. und{Martinez Vidal}, F. undMassafferri, A. undMaterok, M. undMatev, R. undMathad, A. undMathe, Z. undMatiunin, V. undMatteuzzi, C. undMattioli, K. R. undMauri, A. undMaurice, E. undMaurin, B. undMcCann, M. undMcNab, A. undMcNulty, R. undMead, J. V. undMeadows, B. undMeaux, C. undMeinert, N. undMelnychuk, D. undMerk, M. undMerli, A. undMichielin, E. undMikhasenko, M. undMilanes, D. A. undMillard, E. undMinard, M-N undMinzoni, L. undMitzel, D. S. undMogini, A. undMoise, R. D. undMomb{\"a}cher, T. undMonroy, I. A. undMonteil, S. undMorandin, M. undMorello, G. undMorello, M. J. undMoron, J. undMorris, A. B. undMountain, R. undMu, H. undMuheim, F. undMukherjee, M. undMulder, M. undMurphy, C. H. undMurray, D. undM{\"o}dden, A. undM{\"u}ller, D. undM{\"u}ller, J. undM{\"u}ller, K. undM{\"u}ller, V. undNaik, P. undNakada, T. undNandakumar, R. undNandi, A. undNanut, T. undNasteva, I. undNeedham, M. undNeri, N. undNeubert, S. undNeufeld, N. undNewcombe, R. undNguyen, T. D. undNguyen-Mau, C. undNieswand, S. undNiet, R. undNikitin, N. undNolte, N. S. undO'Hanlon, D. P. undOblakowska-Mucha, A. undObraztsov, V. undOgilvy, S. undOldeman, R. undOnderwater, C. J. G. undOsborn, J. D. undOssowska, A. und{Otalora Goicochea}, J. M. undOvsiannikova, T. undOwen, P. undOyanguren, A. undPais, P. R. undPajero, T. undPalano, A. undPalutan, M. undPanshin, G. undPapanestis, A. undPappagallo, M. undPappalardo, L. L. undParker, W. undParkes, C. undPassaleva, G. undPastore, A. undPatel, M. undPatrignani, C. undPearce, A. undPellegrino, A. undPenso, G. und{Pepe Altarelli}, M. undPerazzini, S. undPereima, D. undPerret, P. undPescatore, L. undPetridis, K. undPetrolini, A. undPetrov, A. undPetrucci, S. undPetruzzo, M. undPietrzyk, B. undPietrzyk, G. undPikies, M. undPili, M. undPilloni, A. undPinci, D. undPinzino, J. undPisani, F. undPiucci, A. undPlacinta, V. undPlayfer, S. undPlews, J. und{Plo Casasus}, M. undPolci, F. und{Poli Lener}, M. undPoliakova, M. undPoluektov, A. undPolukhina, N. undPolyakov, I. undPolycarpo, E. undPomery, G. J. undPonce, S. undPopov, A. undPopov, D. undPoslavskii, S. undPrice, E. undProuve, C. undPugatch, V. und{Puig Navarro}, A. undPullen, H. undPunzi, G. undQian, W. undQin, J. undQuagliani, R. undQuintana, B. undRaab, N. V. undRachwal, B. undRademacker, J. H. undRama, M. und{Ramos Pernas}, M. undRangel, M. S. undRatnikov, F. undRaven, G. und{Ravonel Salzgeber}, M. undReboud, M. undRedi, F. undReichert, S. und{Dos Reis}, A. C. undReiss, F. und{Remon Alepuz}, C. undRen, Z. undRenaudin, V. undRicciardi, S. undRichards, S. undRinnert, K. undRobbe, P. undRobert, A. undRodrigues, A. B. undRodrigues, E. und{Rodriguez Lopez}, J. A. undRoehrken, M. undRoiser, S. undRollings, A. undRomanovskiy, V. und{Romero Vidal}, A. undRoth, J. D. undRotondo, M. undRudolph, M. S. undRuf, T. und{Ruiz Vidal}, J. und{Saborido Silva}, J. J. undSagidova, N. undSaitta, B. und{Salustino Guimaraes}, V. und{Sanchez Gras}, C. und{Sanchez Mayordomo}, C. und{Sanmartin Sedes}, B. undSantacesaria, R. und{Santamarina Rios}, C. undSantimaria, M. undSantovetti, E. undSarpis, G. undSarti, A. undSatriano, C. undSatta, A. undSaur, M. undSavrina, D. undSchael, S. undSchellenberg, M. undSchiller, M. undSchindler, H. undSchmelling, M. undSchmelzer, T. undSchmidt, B. undSchneider, O. undSchopper, A. undSchreiner, H. F. undSchubiger, M. undSchulte, S. undSchune, M. H. undSchwemmer, R. undSciascia, B. undSciubba, A. undSemennikov, A. undSepulveda, E. S. undSergi, A. undSerra, N. undSerrano, J. undSestini, L. undSeuthe, A. undSeyfert, P. undShapkin, M. undShears, T. undShekhtman, L. undShevchenko, V. undShmanin, E. undSiddi, B. G. und{Silva Coutinho}, R. und{Silva de Oliveira}, L. undSimi, G. undSimone, S. undSkiba, I. undSkidmore, N. undSkwarnicki, T. undSlater, M. W. undSmeaton, J. G. undSmith, E. undSmith, I. T. undSmith, M. undSoares, M. und{Soares Lavra}, L. undSokoloff, M. D. undSoler, F. J. P. und{Souza De Paula}, B. undSpaan, B. und{Spadaro Norella}, E. undSpradlin, P. undStagni, F. undStahl, M. undStahl, S. undStefko, P. undStefkova, S. undSteinkamp, O. undStemmle, S. undStenyakin, O. undStepanova, M. undStevens, H. undStocchi, A. undStone, S. undStracka, S. undStramaglia, M. E. undStraticiuc, M. undStraumann, U. undStrokov, S. undSun, J. undSun, L. undSun, Y. undSwientek, K. undSzabelski, A. undSzczepaniak, A. undSzumlak, T. undSzymanski, M. undT'Jampens, S. undTang, Z. undTekampe, T. undTellarini, G. undTeubert, F. undThomas, E. und{van Tilburg}, J. undTilley, M. J. undTisserand, V. undTobin, M. undTolk, S. undTomassetti, L. undTonelli, D. undTou, D. Y. undTournefier, E. undTraill, M. undTran, M. T. undTrisovic, A. undTsaregorodtsev, A. undTuci, G. undTully, A. undTuning, N. undUkleja, A. undUsachov, A. undUstyuzhanin, A. undUwer, U. undVagner, A. undVagnoni, V. undValassi, A. undValat, S. undValenti, G. und{van Hecke}, H. und{van Hulse}, C. B. undVasiliev, A. und{Vazquez Gomez}, R. und{Vazquez Regueiro}, P. undVecchi, S. und{van Veghel}, M. undVelthuis, J. J. undVeltri, M. undVenkateswaran, A. undVernet, M. undVeronesi, M. undVesterinen, M. und{Viana Barbosa}, J. V. undVieira, D. und{Vieites Diaz}, M. undViemann, H. undVilasis-Cardona, X. undVitkovskiy, A. undVitti, M. undVolkov, V. undVollhardt, A. und{vom Bruch}, D. undVoneki, B. undVorobyev, A. undVorobyev, V. undVoropaev, N. undde Vries, J. A. und{V{\'a}zquez Sierra}, C. undWaldi, R. undWalsh, J. undWang, J. undWang, M. undWang, Y. undWang, Z. undWard, D. R. undWark, H. M. undWatson, N. K. undWebsdale, D. undWeiden, A. undWeisser, C. undWhitehead, M. undWilkinson, G. undWilkinson, M. undWilliams, I. undWilliams, M. R. J. undWilliams, M. undWilliams, T. undWilson, F. F. undWinn, M. undWislicki, W. undWitek, M. undWormser, G. undWotton, S. A. undWyllie, K. undXiao, D. undXie, Y. undXing, H. undXu, A. undXu, L. undXu, M. undXu, Q. undXu, Z. undYang, Z. undYao, Y. undYeomans, L. E. undYin, H. undYu, J. undYuan, X. undYushchenko, O. undZarebski, K. A. undZavertyaev, M. undZeng, M. undZhang, D. undZhang, L. undZhang, S. undZhang, W. C. undZhang, Y. undZhelezov, A. undZheng, Y. undZhu, X. undZhukov, V. undZonneveld, J. B. undZucchelli, S.},
 year = {2019},
 title = {Observation of a Narrow Pentaquark State, P{\_}{c}(4312){\^{}}{+}, and of the Two-Peak Structure of the P{\_}{c}(4450){\^{}}{+}},
 pages = {222001},
 pagination = {page},
 volume = {122},
 number = {22},
 journal = {Physical review letters},
 doi = {10.1103/PhysRevLett.122.222001},
 file = {Observation of a Narrow Pentaquark State Pc4312 and of t:Attachments/Observation of a Narrow Pentaquark State Pc4312 and of t.pdf:application/pdf}
}


@article{C.Amsler.2017,
 author = {{C. Amsler} und{T. DeGrand} und{B. Krusche}},
 year = {2017},
 title = {Quark Model: (Particle Data Group), Phys. Rev. D 98, 030001},
 url = {https://pdg.lbl.gov/2018/reviews/rpp2018-rev-quark-model.pdf},
 urldate = {2024-12-13},
 pages = {13},
 pagination = {page},
 originalyear = {1998},
 file = {rpp2018-rev-quark-model:Attachments/rpp2018-rev-quark-model.pdf:application/pdf}
}


@article{GellMann.1964,
 author = {Gell-Mann, M.},
 year = {1964},
 title = {A schematic model of baryons and mesons},
 pages = {214--215},
 pagination = {page},
 volume = {8},
 number = {3},
 issn = {00319163},
 journal = {Physics Letters},
 doi = {10.1016/S0031-9163(64)92001-3},
 file = {1-s2{\_}0-S0031916364920013-main{\_}pdf:Attachments/1-s2{\_}0-S0031916364920013-main{\_}pdf.pdf:application/pdf}
}


@www{Wikipedia.Hadron,
 abstract = {In particle physics, a hadron ( ; from Ancient Greek  ἁ\textgreek{dr'os} (hadr{\'o}s) 'stout, thick') is a composite subatomic particle made of two or more quarks held together by the strong interaction. They are analogous to molecules, which are held together by the electric force. Most of the mass of ordinary matter comes from two hadrons: the proton and the neutron, while most of the mass of the protons and neutrons is in turn due to the binding energy of their constituent quarks, due to the strong force.

Hadrons are categorized into two broad families: baryons, made of an odd number of quarks (usually three) and mesons, made of an even number of quarks (usually two: one quark and one antiquark). Protons and neutrons (which make the majority of the mass of an atom) are examples of baryons; pions are an example of a meson. A tetraquark state (an exotic meson), named the Z(4430)$-$, was discovered in 2007 by the Belle Collaboration and confirmed as a resonance in 2014 by the LHCb collaboration. Two pentaquark states (exotic baryons), named P+c(4380) and P+c(4450), were discovered in 2015 by the LHCb collaboration. There are several other {\textquotedbl}Exotic{\textquotedbl} hadron candidates and other colour-singlet quark combinations that may also exist.

Almost all {\textquotedbl}free{\textquotedbl} hadrons and antihadrons (meaning, in isolation and not bound within an atomic nucleus) are believed to be unstable and eventually decay into other particles. The only known possible exception is free protons, which appear to be stable, or at least, take immense amounts of time to decay (order of 1034+ years). By way of comparison, free neutrons are the longest-lived unstable particle, and decay with a half-life of about 611 seconds, and have a mean lifetime of 879 seconds, see free neutron decay.

Hadron physics is studied by colliding hadrons, e.g. protons, with each other or the nuclei of dense, heavy elements, such as lead (Pb) or gold (Au), and detecting the debris in the produced particle showers. A similar process occurs in the natural environment, in the extreme upper-atmosphere, where muons and mesons such as pions are produced by the collisions of cosmic rays with rarefied gas particles in the outer atmosphere.},
 editor = {Wikipedia},
 year = {2024},
 title = {Hadron},
 url = {https://en.wikipedia.org/w/index.php?title=Hadron&oldid=1261830067},
 urldate = {2024-12-13},
 file = {Bosons-Hadrons-Fermions-RGB-png2:Attachments/Bosons-Hadrons-Fermions-RGB-png2.png:image/png;Hadron:Attachments/Hadron.pdf:application/pdf}
}


@www{Wikipedia.Standardmodell,
 abstract = {Das Standardmodell der Elementarteilchenphysik (auch Standardmodell der Teilchenphysik, kurz Standardmodell (SM)) fasst die wesentlichen Erkenntnisse der Teilchenphysik nach heutigem Stand zusammen. Es beschreibt alle bekannten Elementarteilchen und die wichtigen Wechselwirkungen zwischen ihnen: die starke Wechselwirkung, beschrieben durch die Quantenchromodynamik, die schwache Wechselwirkung und die elektromagnetische Wechselwirkung, vereinheitlicht beschrieben durch die Elektroschwache Wechselwirkung. Nur die (vergleichsweise sehr schwache) Gravitation wird nicht ber{\"u}cksichtigt.

In theoretischer Hinsicht ist das Standardmodell eine Quantenfeldtheorie. Ihre fundamentalen Objekte sind Felder, die nur in diskreten Paketen ver{\"a}ndert werden; die diskreten Pakete entsprechen in einer passenden Darstellung den beobachteten Teilchen. Das Standardmodell ist so gebaut, dass die von ihm beschriebenen Teilchen und Felder die Gesetze der speziellen Relativit{\"a}tstheorie erf{\"u}llen. Gleichzeitig enth{\"a}lt es die Aussagen der Quantenmechanik.

Viele Voraussagen des Standardmodells wurden durch Experimente der Teilchenphysik best{\"a}tigt. Insbesondere ist die Existenz auch derjenigen Elementarteilchen des Modells nachgewiesen, die erst von der Theorie vorhergesagt wurden. Die gemessenen quantitativen Eigenschaften der Teilchen stimmen sehr gut mit den Vorhersagen des Standardmodells {\"u}berein. Ein besonders deutliches Beispiel daf{\"u}r ist der g-Faktor des Elektrons.

Es gibt dennoch Gr{\"u}nde f{\"u}r die Annahme, dass das Standardmodell nur ein Aspekt einer noch umfassenderen Theorie ist. Dunkle Materie und Dunkle Energie werden vom Standardmodell nicht beschrieben. Seine Aussagen f{\"u}hren bei hohen Energien, wie sie beim Urknall auftraten, zu Widerspr{\"u}chen mit der allgemeinen Relativit{\"a}tstheorie. Au{\ss}erdem m{\"u}ssen 18 Parameter, deren Werte nicht aus der Theorie hervorgehen, anhand von experimentellen Ergebnissen festgelegt werden. Es wird dadurch recht {\glqq}biegsam{\grqq} und kann sich in einem gewissen Rahmen den tats{\"a}chlich gemachten Beobachtungen anpassen. Es gibt auch zahlreiche Bem{\"u}hungen, das Standardmodell zu erweitern oder abzul{\"o}sen.

Das Standardmodell allein reicht in der Physik f{\"u}r die theoretische Beschreibung in der Praxis meist nicht aus, um die Ph{\"a}nomene zu beschreiben, vielmehr gibt es f{\"u}r jede Gr{\"o}{\ss}enskala (in Raumzeit und Energie-Impuls, wobei diese aufgrund der Quantenmechanik gekoppelt sind) und f{\"u}r das gerade interessierende physikalische Umfeld eigene sog. effektive Theorien -- zum Beispiel bei der Beschreibung von Sternen, Fl{\"u}ssigkeiten, Festk{\"o}rpern, Atomen, Atomkernen -- und f{\"u}r {\"U}berg{\"a}nge zwischen Skalen die Renormierungsgruppe. In der Elementarteilchenphysik wird dieser {\"U}bergang zwischen unterschiedlichen Skalen -- die auch in der im fr{\"u}hen Universums nach der Urknalltheorie durchlaufen werden -- durch Phasen{\"u}berg{\"a}nge und {\glqq}gleitende{\grqq} Kopplungskonstanten gekennzeichnet.},
 editor = {Wikipedia},
 year = {2024},
 title = {Standardmodell},
 url = {https://de.wikipedia.org/w/index.php?title=Standardmodell&oldid=250545829},
 urldate = {2024-12-13},
 file = {Standardmodell:Attachments/Standardmodell.pdf:application/pdf}
}


@techreport{Zweig.1964,
 abstract = {Table 7 in this preprint was corrected shortly after it was first produced. The corrected version, carrying the same front page as the original version,  was widely circulated early in the spring of 1964. However, the corrected version was never captured by the CERN Archive. Attached to this record, as {\textquotedbl}additional file{\textquotedbl}, is the version kept in the CERN Archive.  In addition there is a document, with the same title, referred to as {\textquotedbl}Version 1{\textquotedbl}. This document corresponds to {\textless}a href={\textquotedbl}https://cds.cern.ch/record/352337{\textquotedbl}{\textgreater}CERN preprint 8182/TH.401, Jan. 17, 1964.},
 author = {Zweig, G.},
 date = {1964},
 title = {An SU$_3$ model for strong interaction symmetry and its breaking},
 publisher = {{CERN Document Server}},
 doi = {10.17181/CERN-TH-412},
 file = {An SU3 model for strong interaction symmetry and its breaking:Attachments/An SU3 model for strong interaction symmetry and its breaking.pdf:application/pdf}
}


@techreport{Zweig.1964b,
 abstract = {An updated version of the paper is available as {\textless}a href={\textquotedbl}https://cds.cern.ch/record/570209{\textquotedbl}{\textgreater}CERN-TH-412, Feb. 1964.},
 author = {Zweig, G.},
 date = {1964},
 title = {An SU$_3$ model for strong interaction symmetry and its breaking},
 publisher = {{CERN Document Server}},
 doi = {10.17181/CERN-TH-401},
 file = {An SU3 model for strong interaction symmetry and its breaking:Attachments/An SU3 model for strong interaction symmetry and its breaking.pdf:application/pdf}
}


