@article{Aaij.2015,
  author = {Aaij, R. et al.},
  year = {2015},
  title = {Observation of J/\textgreek{y}p Resonances Consistent with Pentaquark States},
  journal = {Physical Review Letters},
  volume = {115},
  pages = {072001},
  doi = {10.1103/PhysRevLett.115.072001}
}

@article{Aaij.2019,
  author = {Aaij, R. et al.},
  year = {2019},
  title = {Observation of a Narrow Pentaquark State, P{\_}{c}(4312){\^{}}{+}},
  journal = {Physical Review Letters},
  volume = {122},
  pages = {222001},
  doi = {10.1103/PhysRevLett.122.222001}
}

@article{C.Amsler.2017,
  author = {C. Amsler, T. DeGrand, B. Krusche},
  year = {2017},
  title = {Quark Model},
  journal = {Phys. Rev. D},
  volume = {98},
  pages = {030001},
  url = {https://pdg.lbl.gov/2018/reviews/rpp2018-rev-quark-model.pdf}
}

@article{GellMann.1964,
  author = {Gell-Mann, M.},
  year = {1964},
  title = {A schematic model of baryons and mesons},
  journal = {Physics Letters},
  volume = {8},
  pages = {214--215},
  doi = {10.1016/S0031-9163(64)92001-3}
}

@online{Wikipedia.Hadron,
  author = {Wikipedia},
  year = {2024},
  title = {Hadron},
  url = {https://en.wikipedia.org/w/index.php?title=Hadron&oldid=1261830067},
  urldate = {2024-12-13}
}

@online{Wikipedia.Standardmodell,
  author = {Wikipedia},
  year = {2024},
  title = {Standardmodell},
  url = {https://de.wikipedia.org/w/index.php?title=Standardmodell&oldid=250545829},
  urldate = {2024-12-13}
}
