% This file was created with Citavi 7.0.4.0

@article{Aaij.2015,
 author = {Aaij, R. and Adeva, B. and Adinolfi, M. and Affolder, A. and Ajaltouni, Z. and Akar, S. and Albrecht, J. and Alessio, F. and Alexander, M. and Ali, S. and Alkhazov, G. and {Alvarez Cartelle}, P. and Alves, A. A. and Amato, S. and Amerio, S. and Amhis, Y. and An, L. and Anderlini, L. and Anderson, J. and Andreassi, G. and Andreotti, M. and Andrews, J. E. and Appleby, R. B. and {Aquines Gutierrez}, O. and Archilli, F. and d'Argent, P. and Artamonov, A. and Artuso, M. and Aslanides, E. and Auriemma, G. and Baalouch, M. and Bachmann, S. and Back, J. J. and Badalov, A. and Baesso, C. and Baldini, W. and Barlow, R. J. and Barschel, C. and Barsuk, S. and Barter, W. and Batozskaya, V. and Battista, V. and Bay, A. and Beaucourt, L. and Beddow, J. and Bedeschi, F. and Bediaga, I. and Bel, L. J. and Bellee, V. and Belloli, N. and Belyaev, I. and Ben-Haim, E. and Bencivenni, G. and Benson, S. and Benton, J. and Berezhnoy, A. and Bernet, R. and Bertolin, A. and Bettler, M-O and {van Beuzekom}, M. and Bien, A. and Bifani, S. and Billoir, P. and Bird, T. and Birnkraut, A. and Bizzeti, A. and Blake, T. and Blanc, F. and Blouw, J. and Blusk, S. and Bocci, V. and Bondar, A. and Bondar, N. and Bonivento, W. and Borghi, S. and Borsato, M. and Bowcock, T. J. V. and Bowen, E. and Bozzi, C. and Braun, S. and Britsch, M. and Britton, T. and Brodzicka, J. and Brook, N. H. and Bursche, A. and Buytaert, J. and Cadeddu, S. and Calabrese, R. and Calvi, M. and {Calvo Gomez}, M. and Campana, P. and {Campora Perez}, D. and Capriotti, L. and Carbone, A. and Carboni, G. and Cardinale, R. and Cardini, A. and Carniti, P. and Carson, L. and {Carvalho Akiba}, K. and Casse, G. and Cassina, L. and {Castillo Garcia}, L. and Cattaneo, M. and Cauet, Ch and Cavallero, G. and Cenci, R. and Charles, M. and Charpentier, Ph and Chefdeville, M. and Chen, S. and Cheung, S-F and Chiapolini, N. and Chrzaszcz, M. and {Cid Vidal}, X. and Ciezarek, G. and Clarke, P. E. L. and Clemencic, M. and Cliff, H. V. and Closier, J. and Coco, V. and Cogan, J. and Cogneras, E. and Cogoni, V. and Cojocariu, L. and Collazuol, G. and Collins, P. and Comerma-Montells, A. and Contu, A. and Cook, A. and Coombes, M. and Coquereau, S. and Corti, G. and Corvo, M. and Couturier, B. and Cowan, G. A. and Craik, D. C. and Crocombe, A. and {Cruz Torres}, M. and Cunliffe, S. and Currie, R. and D'Ambrosio, C. and Dall'Occo, E. and Dalseno, J. and David, P. N. Y. and Davis, A. and de Bruyn, K. and de Capua, S. and de Cian, M. and de Miranda, J. M. and de Paula, L. and de Simone, P. and Dean, C-T and Decamp, D. and Deckenhoff, M. and {Del Buono}, L. and Déléage, N. and Demmer, M. and Derkach, D. and Deschamps, O. and Dettori, F. and Dey, B. and {Di Canto}, A. and {Di Ruscio}, F. and Dijkstra, H. and Donleavy, S. and Dordei, F. and Dorigo, M. and {Dosil Suárez}, A. and Dossett, D. and Dovbnya, A. and Dreimanis, K. and Dufour, L. and Dujany, G. and Dupertuis, F. and Durante, P. and Dzhelyadin, R. and Dziurda, A. and Dzyuba, A. and Easo, S. and Egede, U. and Egorychev, V. and Eidelman, S. and Eisenhardt, S. and Eitschberger, U. and Ekelhof, R. and Eklund, L. and {El Rifai}, I. and Elsasser, Ch and Ely, S. and Esen, S. and Evans, H. M. and Evans, T. and Falabella, A. and Färber, C. and Farley, N. and Farry, S. and Fay, R. and Ferguson, D. and {Fernandez Albor}, V. and Ferrari, F. and {Ferreira Rodrigues}, F. and Ferro-Luzzi, M. and Filippov, S. and Fiore, M. and Fiorini, M. and Firlej, M. and Fitzpatrick, C. and Fiutowski, T. and Fohl, K. and Fol, P. and Fontana, M. and Fontanelli, F. and Forty, R. and Francisco, O. and Frank, M. and Frei, C. and Frosini, M. and Fu, J. and Furfaro, E. and {Gallas Torreira}, A. and Galli, D. and Gallorini, S. and Gambetta, S. and Gandelman, M. and Gandini, P. and Gao, Y. and {García Pardiñas}, J. and {Garra Tico}, J. and Garrido, L. and Gascon, D. and Gaspar, C. and Gauld, R. and Gavardi, L. and Gazzoni, G. and Geraci, A. and Gerick, D. and Gersabeck, E. and Gersabeck, M. and Gershon, T. and Ghez, Ph and Gianelle, A. and Gianì, S. and Gibson, V. and Girard, O. G. and Giubega, L. and Gligorov, V. V. and Göbel, C. and Golubkov, D. and Golutvin, A. and Gomes, A. and Gotti, C. and {Grabalosa Gándara}, M. and {Graciani Diaz}, R. and {Granado Cardoso}, L. A. and Graugés, E. and Graverini, E. and Graziani, G. and Grecu, A. and Greening, E. and Gregson, S. and Griffith, P. and Grillo, L. and Grünberg, O. and Gui, B. and Gushchin, E. and Guz, Yu and Gys, T. and Hadavizadeh, T. and Hadjivasiliou, C. and Haefeli, G. and Haen, C. and Haines, S. C. and Hall, S. and Hamilton, B. and Han, X. and Hansmann-Menzemer, S. and Harnew, N. and Harnew, S. T. and Harrison, J. and He, J. and Head, T. and Heijne, V. and Hennessy, K. and Henrard, P. and Henry, L. and {Hernando Morata}, J. A. and {van Herwijnen}, E. and Heß, M. and Hicheur, A. and Hill, D. and Hoballah, M. and Hombach, C. and Hulsbergen, W. and Humair, T. and Hussain, N. and Hutchcroft, D. and Hynds, D. and Idzik, M. and Ilten, P. and Jacobsson, R. and Jaeger, A. and Jalocha, J. and Jans, E. and Jawahery, A. and Jing, F. and John, M. and Johnson, D. and Jones, C. R. and Joram, C. and Jost, B. and Jurik, N. and Kandybei, S. and Kanso, W. and Karacson, M. and Karbach, T. M. and Karodia, S. and Kecke, M. and Kelsey, M. and Kenyon, I. R. and Kenzie, M. and Ketel, T. and Khanji, B. and Khurewathanakul, C. and Klaver, S. and Klimaszewski, K. and Kochebina, O. and Kolpin, M. and Komarov, I. and Koopman, R. F. and Koppenburg, P. and Kozeiha, M. and Kravchuk, L. and Kreplin, K. and Kreps, M. and Krocker, G. and Krokovny, P. and Kruse, F. and Krzemien, W. and Kucewicz, W. and Kucharczyk, M. and Kudryavtsev, V. and Kuonen, A. K. and Kurek, K. and Kvaratskheliya, T. and Lacarrere, D. and Lafferty, G. and Lai, A. and Lambert, D. and Lanfranchi, G. and Langenbruch, C. and Langhans, B. and Latham, T. and Lazzeroni, C. and {Le Gac}, R. and {van Leerdam}, J. and Lees, J-P and Lefèvre, R. and Leflat, A. and Lefrançois, J. and Leroy, O. and Lesiak, T. and Leverington, B. and Li, Y. and Likhomanenko, T. and Liles, M. and Lindner, R. and Linn, C. and Lionetto, F. and Liu, B. and Liu, X. and Loh, D. and Longstaff, I. and Lopes, J. H. and Lucchesi, D. and {Lucio Martinez}, M. and Luo, H. and Lupato, A. and Luppi, E. and Lupton, O. and Lusardi, N. and Lusiani, A. and Machefert, F. and Maciuc, F. and Maev, O. and Maguire, K. and Malde, S. and Malinin, A. and Manca, G. and Mancinelli, G. and Manning, P. and Mapelli, A. and Maratas, J. and Marchand, J. F. and Marconi, U. and {Marin Benito}, C. and Marino, P. and Marks, J. and Martellotti, G. and Martin, M. and Martinelli, M. and {Martinez Santos}, D. and {Martinez Vidal}, F. and {Martins Tostes}, D. and Massafferri, A. and Matev, R. and Mathad, A. and Mathe, Z. and Matteuzzi, C. and Mauri, A. and Maurin, B. and Mazurov, A. and McCann, M. and McCarthy, J. and McNab, A. and McNulty, R. and Meadows, B. and Meier, F. and Meissner, M. and Melnychuk, D. and Merk, M. and Milanes, D. A. and Minard, M-N and Mitzel, D. S. and {Molina Rodriguez}, J. and Monroy, I. A. and Monteil, S. and Morandin, M. and Morawski, P. and Mordà, A. and Morello, M. J. and Moron, J. and Morris, A. B. and Mountain, R. and Muheim, F. and Müller, J. and Müller, K. and Müller, V. and Mussini, M. and Muster, B. and Naik, P. and Nakada, T. and Nandakumar, R. and Nandi, A. and Nasteva, I. and Needham, M. and Neri, N. and Neubert, S. and Neufeld, N. and Neuner, M. and Nguyen, A. D. and Nguyen, T. D. and Nguyen-Mau, C. and Niess, V. and Niet, R. and Nikitin, N. and Nikodem, T. and Ninci, D. and Novoselov, A. and O'Hanlon, D. P. and Oblakowska-Mucha, A. and Obraztsov, V. and Ogilvy, S. and Okhrimenko, O. and Oldeman, R. and Onderwater, C. J. G. and {Osorio Rodrigues}, B. and {Otalora Goicochea}, J. M. and Otto, A. and Owen, P. and Oyanguren, A. and Palano, A. and Palombo, F. and Palutan, M. and Panman, J. and Papanestis, A. and Pappagallo, M. and Pappalardo, L. L. and Pappenheimer, C. and Parkes, C. and Passaleva, G. and Patel, G. D. and Patel, M. and Patrignani, C. and Pearce, A. and Pellegrino, A. and Penso, G. and {Pepe Altarelli}, M. and Perazzini, S. and Perret, P. and Pescatore, L. and Petridis, K. and Petrolini, A. and Petruzzo, M. and {Picatoste Olloqui}, E. and Pietrzyk, B. and Pilař, T. and Pinci, D. and Pistone, A. and Piucci, A. and Playfer, S. and {Plo Casasus}, M. and Poikela, T. and Polci, F. and Poluektov, A. and Polyakov, I. and Polycarpo, E. and Popov, A. and Popov, D. and Popovici, B. and Potterat, C. and Price, E. and Price, J. D. and Prisciandaro, J. and Pritchard, A. and Prouve, C. and Pugatch, V. and {Puig Navarro}, A. and Punzi, G. and Qian, W. and Quagliani, R. and Rachwal, B. and Rademacker, J. H. and Rama, M. and Rangel, M. S. and Raniuk, I. and Rauschmayr, N. and Raven, G. and Redi, F. and Reichert, S. and Reid, M. M. and {Dos Reis}, A. C. and Ricciardi, S. and Richards, S. and Rihl, M. and Rinnert, K. and {Rives Molina}, V. and Robbe, P. and Rodrigues, A. B. and Rodrigues, E. and {Rodriguez Lopez}, J. A. and {Rodriguez Perez}, P. and Roiser, S. and Romanovsky, V. and {Romero Vidal}, A. and Ronayne, J. W. and Rotondo, M. and Rouvinet, J. and Ruf, T. and {Ruiz Valls}, P. and {Saborido Silva}, J. J. and Sagidova, N. and Sail, P. and Saitta, B. and {Salustino Guimaraes}, V. and {Sanchez Mayordomo}, C. and {Sanmartin Sedes}, B. and Santacesaria, R. and {Santamarina Rios}, C. and Santimaria, M. and Santovetti, E. and Sarti, A. and Satriano, C. and Satta, A. and Saunders, D. M. and Savrina, D. and Schiller, M. and Schindler, H. and Schlupp, M. and Schmelling, M. and Schmelzer, T. and Schmidt, B. and Schneider, O. and Schopper, A. and Schubiger, M. and Schune, M-H and Schwemmer, R. and Sciascia, B. and Sciubba, A. and Semennikov, A. and Serra, N. and Serrano, J. and Sestini, L. and Seyfert, P. and Shapkin, M. and Shapoval, I. and Shcheglov, Y. and Shears, T. and Shekhtman, L. and Shevchenko, V. and Shires, A. and Siddi, B. G. and {Silva Coutinho}, R. and Simi, G. and Sirendi, M. and Skidmore, N. and Skillicorn, I. and Skwarnicki, T. and Smith, E. and Smith, I. T. and Smith, J. and Smith, M. and Snoek, H. and Sokoloff, M. D. and Soler, F. J. P. and Soomro, F. and Souza, D. and {Souza De Paula}, B. and Spaan, B. and Spradlin, P. and Sridharan, S. and Stagni, F. and Stahl, M. and Stahl, S. and Stefkova, S. and Steinkamp, O. and Stenyakin, O. and Stevenson, S. and Stoica, S. and Stone, S. and Storaci, B. and Stracka, S. and Straticiuc, M. and Straumann, U. and Sun, L. and Sutcliffe, W. and Swientek, K. and Swientek, S. and Syropoulos, V. and Szczekowski, M. and Szczypka, P. and Szumlak, T. and T'Jampens, S. and Tayduganov, A. and Tekampe, T. and Teklishyn, M. and Tellarini, G. and Teubert, F. and Thomas, C. and Thomas, E. and {van Tilburg}, J. and Tisserand, V. and Tobin, M. and Todd, J. and Tolk, S. and Tomassetti, L. and Tonelli, D. and Topp-Joergensen, S. and Torr, N. and Tournefier, E. and Tourneur, S. and Trabelsi, K. and Tran, M. T. and Tresch, M. and Trisovic, A. and Tsaregorodtsev, A. and Tsopelas, P. and Tuning, N. and Ukleja, A. and Ustyuzhanin, A. and Uwer, U. and Vacca, C. and Vagnoni, V. and Valenti, G. and Vallier, A. and {Vazquez Gomez}, R. and {Vazquez Regueiro}, P. and {Vázquez Sierra}, C. and Vecchi, S. and Velthuis, J. J. and Veltri, M. and Veneziano, G. and Vesterinen, M. and Viaud, B. and Vieira, D. and {Vieites Diaz}, M. and Vilasis-Cardona, X. and Vollhardt, A. and Volyanskyy, D. and Voong, D. and Vorobyev, A. and Vorobyev, V. and Voß, C. and de Vries, J. A. and Waldi, R. and Wallace, C. and Wallace, R. and Walsh, J. and Wandernoth, S. and Wang, J. and Ward, D. R. and Watson, N. K. and Websdale, D. and Weiden, A. and Whitehead, M. and Wilkinson, G. and Wilkinson, M. and Williams, M. and Williams, M. P. and Williams, T. and Wilson, F. F. and Wimberley, J. and Wishahi, J. and Wislicki, W. and Witek, M. and Wormser, G. and Wotton, S. A. and Wright, S. and Wyllie, K. and Xie, Y. and Xu, Z. and Yang, Z. and Yu, J. and Yuan, X. and Yushchenko, O. and Zangoli, M. and Zavertyaev, M. and Zhang, L. and Zhang, Y. and Zhelezov, A. and Zhokhov, A. and Zhong, L. and Zucchelli, S.},
 year = {2015},
 title = {Observation of J/ψp Resonances Consistent with Pentaquark States in Λ\textsubscript{b}\textsuperscript{0}→J/ψK\textsuperscript{-}p Decays},
 pages = {072001},
 pagination = {page},
 volume = {115},
 journaltitle = {Physical review letters},
 language = {eng},
 doi = {10.1103/PhysRevLett.115.072001},
 number = {7},
 abstract = {Observations of exotic structures in the J/ψp channel, which we refer to as charmonium-pentaquark states, in Λ{\_}{b}{\^{}}{0}→J/ψK{\^{}}{-}p decays are presented. The data sample corresponds to an integrated luminosity of 3 fb{\^{}}{-1} acquired with the LHCb detector from 7 and 8 TeV pp collisions. An amplitude analysis of the three-body final state reproduces the two-body mass and angular distributions. To obtain a satisfactory fit of the structures seen in the J/ψp mass spectrum, it is necessary to include two Breit-Wigner amplitudes that each describe a resonant state. The significance of each of these resonances is more than 9 standard deviations. One has a mass of 4380±8±29 MeV and a width of 205±18±86 MeV, while the second is narrower, with a mass of 4449.8±1.7±2.5 MeV and a width of 39±5±19 MeV. The preferred J{\^{}}{P} assignments are of opposite parity, with one state having spin 3/2 and the other 5/2.},
 file = {Observation of Jp Resonances Consistent with Pentaquark:Attachments/Observation of Jp Resonances Consistent with Pentaquark.pdf:application/pdf},
 note = {Journal Article},
 eprint = {26317714}
}


@article{Aaij.2019,
 author = {Aaij, R. and {Abellán Beteta}, C. and Adeva, B. and Adinolfi, M. and Aidala, C. A. and Ajaltouni, Z. and Akar, S. and Albicocco, P. and Albrecht, J. and Alessio, F. and Alexander, M. and {Alfonso Albero}, A. and Alkhazov, G. and {Alvarez Cartelle}, P. and Alves, A. A. and Amato, S. and Amhis, Y. and An, L. and Anderlini, L. and Andreassi, G. and Andreotti, M. and Andrews, J. E. and Archilli, F. and d'Argent, P. and {Arnau Romeu}, J. and Artamonov, A. and Artuso, M. and Arzymatov, K. and Aslanides, E. and Atzeni, M. and Audurier, B. and Bachmann, S. and Back, J. J. and Baker, S. and Balagura, V. and Baldini, W. and Baranov, A. and Barlow, R. J. and Barsuk, S. and Barter, W. and Bartolini, M. and Baryshnikov, F. and Batozskaya, V. and Batsukh, B. and Battig, A. and Battista, V. and Bay, A. and Bedeschi, F. and Bediaga, I. and Beiter, A. and Bel, L. J. and Belavin, V. and Belin, S. and Beliy, N. and Bellee, V. and Belloli, N. and Belous, K. and Belyaev, I. and Ben-Haim, E. and Bencivenni, G. and Benson, S. and Beranek, S. and Berezhnoy, A. and Bernet, R. and Berninghoff, D. and Bertholet, E. and Bertolin, A. and Betancourt, C. and Betti, F. and Bettler, M. O. and {van Beuzekom}, M. and Bezshyiko, Ia and Bhasin, S. and Bhom, J. and Bieker, M. S. and Bifani, S. and Billoir, P. and Birnkraut, A. and Bizzeti, A. and Bjørn, M. and Blago, M. P. and Blake, T. and Blanc, F. and Blusk, S. and Bobulska, D. and Bocci, V. and {Boente Garcia}, O. and Boettcher, T. and Bondar, A. and Bondar, N. and Borghi, S. and Borisyak, M. and Borsato, M. and Boubdir, M. and Bowcock, T. J. V. and Bozzi, C. and Braun, S. and {Brea Rodriguez}, A. and Brodski, M. and Brodzicka, J. and {Brossa Gonzalo}, A. and Brundu, D. and Buchanan, E. and Buonaura, A. and Burr, C. and Bursche, A. and Butter, J. S. and Buytaert, J. and Byczynski, W. and Cadeddu, S. and Cai, H. and Calabrese, R. and Cali, S. and Calladine, R. and Calvi, M. and {Calvo Gomez}, M. and Camboni, A. and Campana, P. and {Campora Perez}, D. H. and Capriotti, L. and Carbone, A. and Carboni, G. and Cardinale, R. and Cardini, A. and Carniti, P. and {Carvalho Akiba}, K. and {Casais Vidal}, A. and Casse, G. and Cattaneo, M. and Cavallero, G. and Cenci, R. and Chapman, M. G. and Charles, M. and Charpentier, Ph and Chatzikonstantinidis, G. and Chefdeville, M. and Chekalina, V. and Chen, C. and Chen, S. and Chitic, S-G and Chobanova, V. and Chrzaszcz, M. and Chubykin, A. and Ciambrone, P. and {Cid Vidal}, X. and Ciezarek, G. and Cindolo, F. and Clarke, P. E. L. and Clemencic, M. and Cliff, H. V. and Closier, J. and Coco, V. and Coelho, J. A. B. and Cogan, J. and Cogneras, E. and Cojocariu, L. and Collins, P. and Colombo, T. and Comerma-Montells, A. and Contu, A. and Coombs, G. and Coquereau, S. and Corti, G. and {Costa Sobral}, C. M. and Couturier, B. and Cowan, G. A. and Craik, D. C. and Crocombe, A. and {Cruz Torres}, M. and Currie, R. and D'Ambrosio, C. and {Da Silva}, C. L. and Dall'Occo, E. and Dalseno, J. and Danilina, A. and Davis, A. and de {Aguiar Francisco}, O. and de Bruyn, K. and de Capua, S. and de Cian, M. and de Miranda, J. M. and de Paula, L. and de Serio, M. and de Simone, P. and Dean, C. T. and Dean, W. and Decamp, D. and {Del Buono}, L. and Delaney, B. and Dembinski, H-P and Demmer, M. and Dendek, A. and Derkach, D. and Deschamps, O. and Desse, F. and Dettori, F. and Dey, B. and {Di Canto}, A. and {Di Nezza}, P. and Didenko, S. and Dijkstra, H. and Dordei, F. and Dorigo, M. and {Dosil Suárez}, A. and Douglas, L. and Dovbnya, A. and Dreimanis, K. and Dufour, L. and Dujany, G. and Durante, P. and Durham, J. M. and Dutta, D. and Dzhelyadin, R. and Dziewiecki, M. and Dziurda, A. and Dzyuba, A. and Easo, S. and Egede, U. and Egorychev, V. and Eidelman, S. and Eisenhardt, S. and Eitschberger, U. and Ek-In, S. and Ekelhof, R. and Eklund, L. and Ely, S. and Ene, A. and Escher, S. and Esen, S. and Evans, T. and Falabella, A. and Farley, N. and Farry, S. and Fazzini, D. and {Fernandez Declara}, P. and {Fernandez Prieto}, A. and Fernández-Ramírez, C. and Ferrari, F. and {Ferreira Lopes}, L. and {Ferreira Rodrigues}, F. and {Ferreres Sole}, S. and Ferro-Luzzi, M. and Filippov, S. and Fini, R. A. and Fiorini, M. and Firlej, M. and Fitzpatrick, C. and Fiutowski, T. and Fleuret, F. and Fontana, M. and Fontanelli, F. and Forty, R. and {Franco Lima}, V. and {Franco Sevilla}, M. and Frank, M. and Frei, C. and Fu, J. and Funk, W. and Färber, C. and Féo, M. and Gabriel, E. and {Gallas Torreira}, A. and Galli, D. and Gallorini, S. and Gambetta, S. and Gan, Y. and Gandelman, M. and Gandini, P. and Gao, Y. and {Garcia Martin}, L. M. and {Garcia Plana}, B. and {García Pardiñas}, J. and {Garra Tico}, J. and Garrido, L. and Gascon, D. and Gaspar, C. and Gazzoni, G. and Gerick, D. and Gersabeck, E. and Gersabeck, M. and Gershon, T. and Gerstel, D. and Ghez, Ph and Gibson, V. and Girard, O. G. and {Gironella Gironell}, P. and Giubega, L. and Gizdov, K. and Gligorov, V. V. and Golubkov, D. and Golutvin, A. and Gomes, A. and Gorelov, I. V. and Gotti, C. and Govorkova, E. and Grabowski, J. P. and {Graciani Diaz}, R. and {Granado Cardoso}, L. A. and Graugés, E. and Graverini, E. and Graziani, G. and Grecu, A. and Greim, R. and Griffith, P. and Grillo, L. and Gruber, L. and {Gruberg Cazon}, B. R. and Gu, C. and Guo, X. and Gushchin, E. and Guth, A. and Guz, Yu and Gys, T. and Göbel, C. and Hadavizadeh, T. and Hadjivasiliou, C. and Haefeli, G. and Haen, C. and Haines, S. C. and Hamilton, B. and Han, Q. and Han, X. and Hancock, T. H. and Hansmann-Menzemer, S. and Harnew, N. and Harrison, T. and Hasse, C. and Hatch, M. and He, J. and Hecker, M. and Heinicke, K. and Heister, A. and Hennessy, K. and Henry, L. and {van Herwijnen}, E. and Heuel, J. and Heß, M. and Hicheur, A. and {Hidalgo Charman}, R. and Hill, D. and Hilton, M. and Hopchev, P. H. and Hu, J. and Hu, W. and Huang, W. and Huard, Z. C. and Hulsbergen, W. and Humair, T. and Hushchyn, M. and Hutchcroft, D. and Hynds, D. and Ibis, P. and Idzik, M. and Ilten, P. and Inglessi, A. and Inyakin, A. and Ivshin, K. and Jacobsson, R. and Jakobsen, S. and Jalocha, J. and Jans, E. and Jashal, B. K. and Jawahery, A. and Jiang, F. and John, M. and Johnson, D. and Jones, C. R. and Joram, C. and Jost, B. and Jurik, N. and Kandybei, S. and Karacson, M. and Kariuki, J. M. and Karodia, S. and Kazeev, N. and Kecke, M. and Keizer, F. and Kelsey, M. and Kenzie, M. and Ketel, T. and Khanji, B. and Kharisova, A. and Khurewathanakul, C. and Kim, K. E. and Kirn, T. and Kirsebom, V. S. and Klaver, S. and Klimaszewski, K. and Koliiev, S. and Kolpin, M. and Kondybayeva, A. and Konoplyannikov, A. and Kopecna, R. and Koppenburg, P. and Kostiuk, I. and Kot, O. and Kotriakhova, S. and Kozeiha, M. and Kravchuk, L. and Kreps, M. and Kress, F. and Kretzschmar, S. and Krokovny, P. and Krupa, W. and Krzemien, W. and Kucewicz, W. and Kucharczyk, M. and Kudryavtsev, V. and Kunde, G. J. and Kuonen, A. K. and Kvaratskheliya, T. and Lacarrere, D. and Lafferty, G. and Lai, A. and Lancierini, D. and Lanfranchi, G. and Langenbruch, C. and Latham, T. and Lazzeroni, C. and {Le Gac}, R. and Leflat, A. and Lefèvre, R. and Lemaitre, F. and Leroy, O. and Lesiak, T. and Leverington, B. and Li, H. and Li, P-R and Li, X. and Li, Y. and Li, Z. and Liang, X. and Likhomanenko, T. and Lindner, R. and Ling, P. and Lionetto, F. and Lisovskyi, V. and Liu, G. and Liu, X. and Loh, D. and Loi, A. and {Lomba Castro}, J. and Longstaff, I. and Lopes, J. H. and Loustau, G. and Lovell, G. H. and Lucchesi, D. and {Lucio Martinez}, M. and Luo, Y. and Lupato, A. and Luppi, E. and Lupton, O. and Lusiani, A. and Lyu, X. and Ma, R. and Machefert, F. and Maciuc, F. and Macko, V. and Mackowiak, P. and Maddrell-Mander, S. and Maev, O. and Maguire, K. and Maisuzenko, D. and Majewski, M. W. and Malde, S. and Malecki, B. and Malinin, A. and Maltsev, T. and Malygina, H. and Manca, G. and Mancinelli, G. and Marangotto, D. and Maratas, J. and Marchand, J. F. and Marconi, U. and {Marin Benito}, C. and Marinangeli, M. and Marino, P. and Marks, J. and Marshall, P. J. and Martellotti, G. and Martinazzoli, L. and Martinelli, M. and {Martinez Santos}, D. and {Martinez Vidal}, F. and Massafferri, A. and Materok, M. and Matev, R. and Mathad, A. and Mathe, Z. and Matiunin, V. and Matteuzzi, C. and Mattioli, K. R. and Mauri, A. and Maurice, E. and Maurin, B. and McCann, M. and McNab, A. and McNulty, R. and Mead, J. V. and Meadows, B. and Meaux, C. and Meinert, N. and Melnychuk, D. and Merk, M. and Merli, A. and Michielin, E. and Mikhasenko, M. and Milanes, D. A. and Millard, E. and Minard, M-N and Minzoni, L. and Mitzel, D. S. and Mogini, A. and Moise, R. D. and Mombächer, T. and Monroy, I. A. and Monteil, S. and Morandin, M. and Morello, G. and Morello, M. J. and Moron, J. and Morris, A. B. and Mountain, R. and Mu, H. and Muheim, F. and Mukherjee, M. and Mulder, M. and Murphy, C. H. and Murray, D. and Mödden, A. and Müller, D. and Müller, J. and Müller, K. and Müller, V. and Naik, P. and Nakada, T. and Nandakumar, R. and Nandi, A. and Nanut, T. and Nasteva, I. and Needham, M. and Neri, N. and Neubert, S. and Neufeld, N. and Newcombe, R. and Nguyen, T. D. and Nguyen-Mau, C. and Nieswand, S. and Niet, R. and Nikitin, N. and Nolte, N. S. and O'Hanlon, D. P. and Oblakowska-Mucha, A. and Obraztsov, V. and Ogilvy, S. and Oldeman, R. and Onderwater, C. J. G. and Osborn, J. D. and Ossowska, A. and {Otalora Goicochea}, J. M. and Ovsiannikova, T. and Owen, P. and Oyanguren, A. and Pais, P. R. and Pajero, T. and Palano, A. and Palutan, M. and Panshin, G. and Papanestis, A. and Pappagallo, M. and Pappalardo, L. L. and Parker, W. and Parkes, C. and Passaleva, G. and Pastore, A. and Patel, M. and Patrignani, C. and Pearce, A. and Pellegrino, A. and Penso, G. and {Pepe Altarelli}, M. and Perazzini, S. and Pereima, D. and Perret, P. and Pescatore, L. and Petridis, K. and Petrolini, A. and Petrov, A. and Petrucci, S. and Petruzzo, M. and Pietrzyk, B. and Pietrzyk, G. and Pikies, M. and Pili, M. and Pilloni, A. and Pinci, D. and Pinzino, J. and Pisani, F. and Piucci, A. and Placinta, V. and Playfer, S. and Plews, J. and {Plo Casasus}, M. and Polci, F. and {Poli Lener}, M. and Poliakova, M. and Poluektov, A. and Polukhina, N. and Polyakov, I. and Polycarpo, E. and Pomery, G. J. and Ponce, S. and Popov, A. and Popov, D. and Poslavskii, S. and Price, E. and Prouve, C. and Pugatch, V. and {Puig Navarro}, A. and Pullen, H. and Punzi, G. and Qian, W. and Qin, J. and Quagliani, R. and Quintana, B. and Raab, N. V. and Rachwal, B. and Rademacker, J. H. and Rama, M. and {Ramos Pernas}, M. and Rangel, M. S. and Ratnikov, F. and Raven, G. and {Ravonel Salzgeber}, M. and Reboud, M. and Redi, F. and Reichert, S. and {Dos Reis}, A. C. and Reiss, F. and {Remon Alepuz}, C. and Ren, Z. and Renaudin, V. and Ricciardi, S. and Richards, S. and Rinnert, K. and Robbe, P. and Robert, A. and Rodrigues, A. B. and Rodrigues, E. and {Rodriguez Lopez}, J. A. and Roehrken, M. and Roiser, S. and Rollings, A. and Romanovskiy, V. and {Romero Vidal}, A. and Roth, J. D. and Rotondo, M. and Rudolph, M. S. and Ruf, T. and {Ruiz Vidal}, J. and {Saborido Silva}, J. J. and Sagidova, N. and Saitta, B. and {Salustino Guimaraes}, V. and {Sanchez Gras}, C. and {Sanchez Mayordomo}, C. and {Sanmartin Sedes}, B. and Santacesaria, R. and {Santamarina Rios}, C. and Santimaria, M. and Santovetti, E. and Sarpis, G. and Sarti, A. and Satriano, C. and Satta, A. and Saur, M. and Savrina, D. and Schael, S. and Schellenberg, M. and Schiller, M. and Schindler, H. and Schmelling, M. and Schmelzer, T. and Schmidt, B. and Schneider, O. and Schopper, A. and Schreiner, H. F. and Schubiger, M. and Schulte, S. and Schune, M. H. and Schwemmer, R. and Sciascia, B. and Sciubba, A. and Semennikov, A. and Sepulveda, E. S. and Sergi, A. and Serra, N. and Serrano, J. and Sestini, L. and Seuthe, A. and Seyfert, P. and Shapkin, M. and Shears, T. and Shekhtman, L. and Shevchenko, V. and Shmanin, E. and Siddi, B. G. and {Silva Coutinho}, R. and {Silva de Oliveira}, L. and Simi, G. and Simone, S. and Skiba, I. and Skidmore, N. and Skwarnicki, T. and Slater, M. W. and Smeaton, J. G. and Smith, E. and Smith, I. T. and Smith, M. and Soares, M. and {Soares Lavra}, L. and Sokoloff, M. D. and Soler, F. J. P. and {Souza De Paula}, B. and Spaan, B. and {Spadaro Norella}, E. and Spradlin, P. and Stagni, F. and Stahl, M. and Stahl, S. and Stefko, P. and Stefkova, S. and Steinkamp, O. and Stemmle, S. and Stenyakin, O. and Stepanova, M. and Stevens, H. and Stocchi, A. and Stone, S. and Stracka, S. and Stramaglia, M. E. and Straticiuc, M. and Straumann, U. and Strokov, S. and Sun, J. and Sun, L. and Sun, Y. and Swientek, K. and Szabelski, A. and Szczepaniak, A. and Szumlak, T. and Szymanski, M. and T'Jampens, S. and Tang, Z. and Tekampe, T. and Tellarini, G. and Teubert, F. and Thomas, E. and {van Tilburg}, J. and Tilley, M. J. and Tisserand, V. and Tobin, M. and Tolk, S. and Tomassetti, L. and Tonelli, D. and Tou, D. Y. and Tournefier, E. and Traill, M. and Tran, M. T. and Trisovic, A. and Tsaregorodtsev, A. and Tuci, G. and Tully, A. and Tuning, N. and Ukleja, A. and Usachov, A. and Ustyuzhanin, A. and Uwer, U. and Vagner, A. and Vagnoni, V. and Valassi, A. and Valat, S. and Valenti, G. and {van Hecke}, H. and {van Hulse}, C. B. and Vasiliev, A. and {Vazquez Gomez}, R. and {Vazquez Regueiro}, P. and Vecchi, S. and {van Veghel}, M. and Velthuis, J. J. and Veltri, M. and Venkateswaran, A. and Vernet, M. and Veronesi, M. and Vesterinen, M. and {Viana Barbosa}, J. V. and Vieira, D. and {Vieites Diaz}, M. and Viemann, H. and Vilasis-Cardona, X. and Vitkovskiy, A. and Vitti, M. and Volkov, V. and Vollhardt, A. and {vom Bruch}, D. and Voneki, B. and Vorobyev, A. and Vorobyev, V. and Voropaev, N. and de Vries, J. A. and {Vázquez Sierra}, C. and Waldi, R. and Walsh, J. and Wang, J. and Wang, M. and Wang, Y. and Wang, Z. and Ward, D. R. and Wark, H. M. and Watson, N. K. and Websdale, D. and Weiden, A. and Weisser, C. and Whitehead, M. and Wilkinson, G. and Wilkinson, M. and Williams, I. and Williams, M. R. J. and Williams, M. and Williams, T. and Wilson, F. F. and Winn, M. and Wislicki, W. and Witek, M. and Wormser, G. and Wotton, S. A. and Wyllie, K. and Xiao, D. and Xie, Y. and Xing, H. and Xu, A. and Xu, L. and Xu, M. and Xu, Q. and Xu, Z. and Yang, Z. and Yao, Y. and Yeomans, L. E. and Yin, H. and Yu, J. and Yuan, X. and Yushchenko, O. and Zarebski, K. A. and Zavertyaev, M. and Zeng, M. and Zhang, D. and Zhang, L. and Zhang, S. and Zhang, W. C. and Zhang, Y. and Zhelezov, A. and Zheng, Y. and Zhu, X. and Zhukov, V. and Zonneveld, J. B. and Zucchelli, S.},
 year = {2019},
 title = {Observation of a Narrow Pentaquark State, P\textsubscript{c}(4312)\textsuperscript{+}, and of the Two-Peak Structure of the P\textsubscript{c}(4450)\textsuperscript{+}},
 pages = {222001},
 pagination = {page},
 volume = {122},
 journaltitle = {Physical review letters},
 language = {eng},
 doi = {10.1103/PhysRevLett.122.222001},
 number = {22},
 abstract = {A narrow pentaquark state, P{\_}{c}(4312){\^{}}{+}, decaying to J/ψp, is discovered with a statistical significance of 7.3σ in a data sample of Λ{\_}{b}{\^{}}{0}→J/ψpK{\^{}}{-} decays, which is an order of magnitude larger than that previously analyzed by the LHCb Collaboration. The P{\_}{c}(4450){\^{}}{+} pentaquark structure formerly reported by LHCb is confirmed and observed to consist of two narrow overlapping peaks, P{\_}{c}(4440){\^{}}{+} and P{\_}{c}(4457){\^{}}{+}, where the statistical significance of this two-peak interpretation is 5.4σ. The proximity of the Σ{\_}{c}{\^{}}{+}D[over ¯]{\^{}}{0} and Σ{\_}{c}{\^{}}{+}D[over ¯]{\^{}}{*0} thresholds to the observed narrow peaks suggests that they play an important role in the dynamics of these states.},
 file = {Observation of a Narrow Pentaquark State Pc4312 and of t:Attachments/Observation of a Narrow Pentaquark State Pc4312 and of t.pdf:application/pdf},
 note = {Journal Article},
 eprint = {31283265}
}


@article{C.Amsler.2017,
 author = {{C. Amsler} and {T. DeGrand} and {B. Krusche}},
 year = {2017},
 title = {Quark Model},
 url = {https://pdg.lbl.gov/2018/reviews/rpp2018-rev-quark-model.pdf},
 urldate = {2025-01-07},
 pages = {13},
 pagination = {page},
 titleaddon = {(Particle Data Group), Phys. Rev. D 98, 030001},
 abstract = {},
 pagetotal = {30},
 file = {rpp2018-rev-quark-model:Attachments/rpp2018-rev-quark-model.pdf:application/pdf},
 origdate = {1998}
}


@article{GellMann.1964,
 author = {Gell-Mann, M.},
 year = {1964},
 title = {A schematic model of baryons and mesons},
 pages = {214--215},
 pagination = {page},
 volume = {8},
 issn = {00319163},
 journaltitle = {Physics Letters},
 doi = {10.1016/S0031-9163(64)92001-3},
 number = {3},
 abstract = {},
 file = {1-s2_0-S0031916364920013-main_pdf:Attachments/1-s2_0-S0031916364920013-main_pdf.pdf:application/pdf},
 note = {PII:  S0031916364920013}
}


@online{Wikipedia.Hadron,
 editor = {Wikipedia},
 year = {2024},
 title = {Hadron},
 url = {https://en.wikipedia.org/w/index.php?title=Hadron&oldid=1261830067},
 urldate = {2024-12-13},
 abstract = {In particle physics, a hadron ( ; from Ancient Greek  ἁδρός (hadrós) 'stout, thick') is a composite subatomic particle made of two or more quarks held together by the strong interaction. They are analogous to molecules, which are held together by the electric force. Most of the mass of ordinary matter comes from two hadrons: the proton and the neutron, while most of the mass of the protons and neutrons is in turn due to the binding energy of their constituent quarks, due to the strong force.

Hadrons are categorized into two broad families: baryons, made of an odd number of quarks (usually three) and mesons, made of an even number of quarks (usually two: one quark and one antiquark). Protons and neutrons (which make the majority of the mass of an atom) are examples of baryons; pions are an example of a meson. A tetraquark state (an exotic meson), named the Z(4430)−, was discovered in 2007 by the Belle Collaboration and confirmed as a resonance in 2014 by the LHCb collaboration. Two pentaquark states (exotic baryons), named P+c(4380) and P+c(4450), were discovered in 2015 by the LHCb collaboration. There are several other {\textquotedbl}Exotic{\textquotedbl} hadron candidates and other colour-singlet quark combinations that may also exist.

Almost all {\textquotedbl}free{\textquotedbl} hadrons and antihadrons (meaning, in isolation and not bound within an atomic nucleus) are believed to be unstable and eventually decay into other particles. The only known possible exception is free protons, which appear to be stable, or at least, take immense amounts of time to decay (order of 1034+ years). By way of comparison, free neutrons are the longest-lived unstable particle, and decay with a half-life of about 611 seconds, and have a mean lifetime of 879 seconds, see free neutron decay.

Hadron physics is studied by colliding hadrons, e.g. protons, with each other or the nuclei of dense, heavy elements, such as lead (Pb) or gold (Au), and detecting the debris in the produced particle showers. A similar process occurs in the natural environment, in the extreme upper-atmosphere, where muons and mesons such as pions are produced by the collisions of cosmic rays with rarefied gas particles in the outer atmosphere.},
 file = {Bosons-Hadrons-Fermions-RGB-png2:Attachments/Bosons-Hadrons-Fermions-RGB-png2.png:image/png;Hadron:Attachments/Hadron.pdf:application/pdf},
 note = {Creative Commons Attribution-ShareAlike License
Page Version ID: 1261830067},
 language = {en}
}


@online{Wikipedia.Standardmodell,
 editor = {Wikipedia},
 year = {2024},
 title = {Standardmodell},
 url = {https://de.wikipedia.org/w/index.php?title=Standardmodell&oldid=250545829},
 urldate = {2024-12-13},
 abstract = {Das Standardmodell der Elementarteilchenphysik (auch Standardmodell der Teilchenphysik, kurz Standardmodell (SM)) fasst die wesentlichen Erkenntnisse der Teilchenphysik nach heutigem Stand zusammen. Es beschreibt alle bekannten Elementarteilchen und die wichtigen Wechselwirkungen zwischen ihnen: die starke Wechselwirkung, beschrieben durch die Quantenchromodynamik, die schwache Wechselwirkung und die elektromagnetische Wechselwirkung, vereinheitlicht beschrieben durch die Elektroschwache Wechselwirkung. Nur die (vergleichsweise sehr schwache) Gravitation wird nicht berücksichtigt.

In theoretischer Hinsicht ist das Standardmodell eine Quantenfeldtheorie. Ihre fundamentalen Objekte sind Felder, die nur in diskreten Paketen verändert werden; die diskreten Pakete entsprechen in einer passenden Darstellung den beobachteten Teilchen. Das Standardmodell ist so gebaut, dass die von ihm beschriebenen Teilchen und Felder die Gesetze der speziellen Relativitätstheorie erfüllen. Gleichzeitig enthält es die Aussagen der Quantenmechanik.

Viele Voraussagen des Standardmodells wurden durch Experimente der Teilchenphysik bestätigt. Insbesondere ist die Existenz auch derjenigen Elementarteilchen des Modells nachgewiesen, die erst von der Theorie vorhergesagt wurden. Die gemessenen quantitativen Eigenschaften der Teilchen stimmen sehr gut mit den Vorhersagen des Standardmodells überein. Ein besonders deutliches Beispiel dafür ist der g-Faktor des Elektrons.

Es gibt dennoch Gründe für die Annahme, dass das Standardmodell nur ein Aspekt einer noch umfassenderen Theorie ist. Dunkle Materie und Dunkle Energie werden vom Standardmodell nicht beschrieben. Seine Aussagen führen bei hohen Energien, wie sie beim Urknall auftraten, zu Widersprüchen mit der allgemeinen Relativitätstheorie. Außerdem müssen 18 Parameter, deren Werte nicht aus der Theorie hervorgehen, anhand von experimentellen Ergebnissen festgelegt werden. Es wird dadurch recht „biegsam“ und kann sich in einem gewissen Rahmen den tatsächlich gemachten Beobachtungen anpassen. Es gibt auch zahlreiche Bemühungen, das Standardmodell zu erweitern oder abzulösen.

Das Standardmodell allein reicht in der Physik für die theoretische Beschreibung in der Praxis meist nicht aus, um die Phänomene zu beschreiben, vielmehr gibt es für jede Größenskala (in Raumzeit und Energie-Impuls, wobei diese aufgrund der Quantenmechanik gekoppelt sind) und für das gerade interessierende physikalische Umfeld eigene sog. effektive Theorien – zum Beispiel bei der Beschreibung von Sternen, Flüssigkeiten, Festkörpern, Atomen, Atomkernen – und für Übergänge zwischen Skalen die Renormierungsgruppe. In der Elementarteilchenphysik wird dieser Übergang zwischen unterschiedlichen Skalen – die auch in der im frühen Universums nach der Urknalltheorie durchlaufen werden – durch Phasenübergänge und „gleitende“ Kopplungskonstanten gekennzeichnet.},
 file = {Standardmodell:Attachments/Standardmodell.pdf:application/pdf},
 note = {Creative Commons Attribution-ShareAlike License
Page Version ID: 250545829},
 language = {de}
}


@misc{Zweig.1964,
 author = {Zweig, G.},
 year = {1964},
 title = {An SU\textsubscript{3} model for strong interaction symmetry and its breaking},
 publisher = {{CERN Document Server}},
 abstract = {Table 7 in this preprint was corrected shortly after it was first produced. The corrected version, carrying the same front page as the original version,  was widely circulated early in the spring of 1964. However, the corrected version was never captured by the CERN Archive. Attached to this record, as {\textquotedbl}additional file{\textquotedbl}, is the version kept in the CERN Archive.  In addition there is a document, with the same title, referred to as {\textquotedbl}Version 1{\textquotedbl}. This document corresponds to <a href={\textquotedbl}https://cds.cern.ch/record/352337{\textquotedbl}>CERN preprint 8182/TH.401, Jan. 17, 1964.},
 doi = {10.17181/CERN-TH-412},
 file = {An SU3 model for strong interaction symmetry and its breaking:Attachments/An SU3 model for strong interaction symmetry and its breaking.pdf:application/pdf},
 language = {en}
}


@misc{Zweig.1964b,
 author = {Zweig, G.},
 year = {1964},
 title = {An SU\textsubscript{3} model for strong interaction symmetry and its breaking},
 publisher = {{CERN Document Server}},
 abstract = {An updated version of the paper is available as <a href={\textquotedbl}https://cds.cern.ch/record/570209{\textquotedbl}>CERN-TH-412, Feb. 1964.},
 doi = {10.17181/CERN-TH-401},
 file = {An SU3 model for strong interaction symmetry and its breaking:Attachments/An SU3 model for strong interaction symmetry and its breaking.pdf:application/pdf},
 language = {en}
}


